<record><leader>00782cam a2200241 a 4500</leader><controlfield tag="001">1339375</controlfield><controlfield tag="008">901129r19851816enk      b        1 eng o</controlfield><datafield ind1=" " ind2=" " tag="020"><subfield code="a">0004244133</subfield></datafield><datafield ind1=" " ind2=" " tag="035"><subfield code="a">ocm70307606</subfield></datafield><datafield ind1=" " ind2=" " tag="040"><subfield code="b">eng</subfield></datafield><datafield ind1=" " ind2=" " tag="049"><subfield code="a">AEU</subfield><subfield code="b">eng</subfield></datafield><datafield ind1="0" ind2=" " tag="090"><subfield code="a">PR 4034 E5 1985</subfield></datafield><datafield ind1="1" ind2=" " tag="100"><subfield code="a">Austen, Jane,</subfield><subfield code="d">1775-1817.</subfield></datafield><datafield ind1="1" ind2="0" tag="245"><subfield code="a">Emma /</subfield><subfield code="c">Jane Austen ; with an introduction by G. B. Stern.</subfield></datafield><datafield ind1=" " ind2=" " tag="260"><subfield code="a">London :</subfield><subfield code="b">Collins,</subfield><subfield code="c">1985.</subfield></datafield><datafield ind1=" " ind2=" " tag="300"><subfield code="a">379 p. :</subfield><subfield code="b">port. ;</subfield><subfield code="c">19 cm.</subfield></datafield><datafield ind1=" " ind2=" " tag="336"><subfield code="a">text</subfield><subfield code="b">txt</subfield><subfield code="2">rdacontent</subfield></datafield><datafield ind1=" " ind2=" " tag="337"><subfield code="a">unmediated</subfield><subfield code="b">n</subfield><subfield code="2">rdamedia</subfield></datafield><datafield ind1=" " ind2=" " tag="338"><subfield code="a">volume</subfield><subfield code="b">nc</subfield><subfield code="2">rdacarrier</subfield></datafield><datafield ind1=" " ind2=" " tag="500"><subfield code="a">First published : 1816.</subfield></datafield><datafield ind1=" " ind2=" " tag="504"><subfield code="a">Bibliography: p. 379-[380].</subfield></datafield><datafield ind1=" " ind2=" " tag="596"><subfield code="a">43</subfield></datafield><datafield ind1=" " ind2=" " tag="926"><subfield code="a">PR 4034 E5 1985</subfield><subfield code="w">LC</subfield><subfield code="c">1</subfield><subfield code="i">000035073717</subfield><subfield code="d">12/15/2014</subfield><subfield code="e">11/10/2014</subfield><subfield code="l">ON_SHELF</subfield><subfield code="m">UAHSS</subfield><subfield code="n">50</subfield><subfield code="p">$150.00</subfield><subfield code="r">Y</subfield><subfield code="s">Y</subfield><subfield code="t">BOOK</subfield><subfield code="u">12/3/1990</subfield></datafield></record>